<collection xmlns="http://www.loc.gov/MARC21/slim">
<record>
  <leader>00893nam0a22002051i 450 </leader>
  <controlfield tag="001">IT\ICCU\CNCE\080293</controlfield>
  <controlfield tag="005">20200714000000.0</controlfield>
  <datafield tag="012" ind1=" " ind2=" ">
    <subfield code="a">e.e, aede toto esch (C) 1590 </subfield>
    <subfield code="2">fei</subfield>
  </datafield>
  <datafield tag="100" ind1=" " ind2=" ">
    <subfield code="a">20200714f1590        0itac0103    ba</subfield>
  </datafield>
  <datafield tag="101" ind1=" " ind2=" ">
    <subfield code="a">ITA</subfield>
  </datafield>
  <datafield tag="102" ind1=" " ind2=" ">
    <subfield code="a">IT</subfield>
  </datafield>
  <datafield tag="200" ind1="1" ind2=" ">
    <subfield code="a">Ardor D&apos;Amore, doue si contiene serenate, capitoli, stanze da giouanni innamorati, con aggiunta d&apos;alcune Villanelle alla Napolitana, &amp; altri Strambotti</subfield>
  </datafield>
  <datafield tag="210" ind1=" " ind2=" ">
    <subfield code="d">\circa 1590!</subfield>
    <subfield code="e">Stampata in Firenze</subfield>
    <subfield code="g">alle Scale di Badia</subfield>
  </datafield>
  <datafield tag="215" ind1=" " ind2=" ">
    <subfield code="a">\24! c.</subfield>
    <subfield code="c">ill.</subfield>
    <subfield code="d">8ʻ</subfield>
  </datafield>
  <datafield tag="300" ind1=" " ind2=" ">
    <subfield code="a">La data si ricava dal catalogo della Staats- und Universitt̃sbibliothek di Amburgo</subfield>
  </datafield>
  <datafield tag="620" ind1=" " ind2=" ">
    <subfield code="a">IT</subfield>
    <subfield code="d">Firenze</subfield>
  </datafield>
  <datafield tag="700" ind1=" " ind2="1">
    <subfield code="a">Verini,</subfield>
    <subfield code="b">Giovanni Battista</subfield>
    <subfield code="3">IT\ICCU\CNCA\009641</subfield>
  </datafield>
  <datafield tag="712" ind1="0" ind2="2">
    <subfield code="a">℗alle scalee di ℗Badia</subfield>
    <subfield code="3">IT\ICCU\CNCT\000678</subfield>
    <subfield code="4">650</subfield>
  </datafield>
  <datafield tag="790" ind1=" " ind2="1">
    <subfield code="a">Verinis,</subfield>
    <subfield code="b">Johannes Baptista : de</subfield>
    <subfield code="3">IT\ICCU\CNCA\025675</subfield>
    <subfield code="z">Verini, Giovanni Battista</subfield>
  </datafield>
  <datafield tag="801" ind1=" " ind2="3">
    <subfield code="a">IT</subfield>
    <subfield code="b">ICCU</subfield>
    <subfield code="c">20201115</subfield>
  </datafield>
</record>
</collection>
